<?xml version="1.0" encoding="UTF-8"?><collection xmlns="http://www.loc.gov/MARC21/slim"><record><leader>00600nam--2200193-i-4500</leader><controlfield tag="001">000013195</controlfield><controlfield tag="002">20161230</controlfield><controlfield tag="005">20170305190639</controlfield><controlfield tag="008">060222s1000------------r-----000-0-eng-d</controlfield><datafield ind1=" " ind2=" " tag="040"><subfield code="a">IFIN-HH</subfield></datafield><datafield ind1=" " ind2=" " tag="080"><subfield code="a">539.171.11(035.5)(083.5)</subfield></datafield><datafield ind1="1" ind2=" " tag="100"><subfield code="a">Bystricky, J</subfield></datafield><datafield ind1="1" ind2="0" tag="245"><subfield code="a">Zaed nucleon-nucleon scattering data. Part I</subfield><subfield code="c">J. Bystricky, F. Lehar</subfield></datafield><datafield ind1=" " ind2=" " tag="260"><subfield code="a">Eggenstein-Leopoldshaften</subfield><subfield code="b">Zentralstelle Fur Atomkernenergie-dokumentation</subfield><subfield code="c">1978</subfield></datafield><datafield ind1=" " ind2=" " tag="300"><subfield code="a">191 p</subfield></datafield><datafield ind1=" " ind2=" " tag="490"><subfield code="a">Physik Daten Physics Data 11-1 (Pt. I) 1978</subfield></datafield><datafield ind1="1" ind2=" " tag="700"><subfield code="a">Lehar, F</subfield></datafield><datafield ind1=" " ind2=" " tag="852"><subfield code="a">47445</subfield><subfield code="c">53.081</subfield></datafield><datafield ind1=" " ind2=" " tag="CAT"><subfield code="a">SYS</subfield><subfield code="c">20170305</subfield><subfield code="h">190639</subfield></datafield></record></collection>